%YAML 1.1
%TAG !u! tag:unity3d.com,2011:
--- !u!1001 &100100000
Prefab:
  m_ObjectHideFlags: 1
  serializedVersion: 2
  m_Modification:
    m_TransformParent: {fileID: 0}
    m_Modifications: []
    m_RemovedComponents: []
  m_ParentPrefab: {fileID: 0}
  m_RootGameObject: {fileID: 1488215611291850}
  m_IsPrefabParent: 1
--- !u!1 &1412078792270690
GameObject:
  m_ObjectHideFlags: 0
  m_PrefabParentObject: {fileID: 0}
  m_PrefabInternal: {fileID: 100100000}
  serializedVersion: 5
  m_Component:
  - component: {fileID: 4539834738259052}
  - component: {fileID: 33837707264259484}
  - component: {fileID: 64801690495587038}
  - component: {fileID: 23128102392069904}
  - component: {fileID: 114945086874617298}
  - component: {fileID: 114951781585712022}
  - component: {fileID: 114473124245755226}
  - component: {fileID: 114974357761576928}
  - component: {fileID: 114229080100526574}
  m_Layer: 0
  m_Name: Water
  m_TagString: Untagged
  m_Icon: {fileID: 0}
  m_NavMeshLayer: 0
  m_StaticEditorFlags: 0
  m_IsActive: 1
--- !u!1 &1414627418717312
GameObject:
  m_ObjectHideFlags: 0
  m_PrefabParentObject: {fileID: 0}
  m_PrefabInternal: {fileID: 100100000}
  serializedVersion: 5
  m_Component:
  - component: {fileID: 4933052263343088}
  - component: {fileID: 108214123644688118}
  m_Layer: 0
  m_Name: Directional light
  m_TagString: Untagged
  m_Icon: {fileID: 0}
  m_NavMeshLayer: 0
  m_StaticEditorFlags: 0
  m_IsActive: 1
--- !u!1 &1488215611291850
GameObject:
  m_ObjectHideFlags: 0
  m_PrefabParentObject: {fileID: 0}
  m_PrefabInternal: {fileID: 100100000}
  serializedVersion: 5
  m_Component:
  - component: {fileID: 4147782885298390}
  m_Layer: 0
  m_Name: DlaVR
  m_TagString: Untagged
  m_Icon: {fileID: 0}
  m_NavMeshLayer: 0
  m_StaticEditorFlags: 0
  m_IsActive: 1
--- !u!1 &1548777437665926
GameObject:
  m_ObjectHideFlags: 0
  m_PrefabParentObject: {fileID: 0}
  m_PrefabInternal: {fileID: 100100000}
  serializedVersion: 5
  m_Component:
  - component: {fileID: 4092235409127856}
  - component: {fileID: 114358325510467784}
  - component: {fileID: 114213965137944220}
  m_Layer: 0
  m_Name: MapGenerator
  m_TagString: Untagged
  m_Icon: {fileID: 0}
  m_NavMeshLayer: 0
  m_StaticEditorFlags: 0
  m_IsActive: 1
--- !u!1 &1576707890738968
GameObject:
  m_ObjectHideFlags: 0
  m_PrefabParentObject: {fileID: 0}
  m_PrefabInternal: {fileID: 100100000}
  serializedVersion: 5
  m_Component:
  - component: {fileID: 4220719725125170}
  - component: {fileID: 33957969005530712}
  - component: {fileID: 64373869978888870}
  - component: {fileID: 23171089289554320}
  m_Layer: 0
  m_Name: Plane
  m_TagString: Untagged
  m_Icon: {fileID: 0}
  m_NavMeshLayer: 0
  m_StaticEditorFlags: 0
  m_IsActive: 0
--- !u!1 &1958590130825782
GameObject:
  m_ObjectHideFlags: 0
  m_PrefabParentObject: {fileID: 0}
  m_PrefabInternal: {fileID: 100100000}
  serializedVersion: 5
  m_Component:
  - component: {fileID: 4834888720095704}
  - component: {fileID: 33859680793725784}
  - component: {fileID: 23399349973447590}
  - component: {fileID: 64556960860503230}
  m_Layer: 0
  m_Name: Mesh
  m_TagString: Untagged
  m_Icon: {fileID: 0}
  m_NavMeshLayer: 0
  m_StaticEditorFlags: 0
  m_IsActive: 1
--- !u!4 &4092235409127856
Transform:
  m_ObjectHideFlags: 1
  m_PrefabParentObject: {fileID: 0}
  m_PrefabInternal: {fileID: 100100000}
  m_GameObject: {fileID: 1548777437665926}
  m_LocalRotation: {x: -0, y: -0, z: -0, w: 1}
  m_LocalPosition: {x: -870.5156, y: 30.427734, z: -851.7637}
  m_LocalScale: {x: 1, y: 1, z: 1}
  m_Children: []
  m_Father: {fileID: 4147782885298390}
  m_RootOrder: 0
  m_LocalEulerAnglesHint: {x: 0, y: 0, z: 0}
--- !u!4 &4147782885298390
Transform:
  m_ObjectHideFlags: 1
  m_PrefabParentObject: {fileID: 0}
  m_PrefabInternal: {fileID: 100100000}
  m_GameObject: {fileID: 1488215611291850}
  m_LocalRotation: {x: 0, y: 0, z: 0, w: 1}
  m_LocalPosition: {x: -2.484375, y: 13.572266, z: -2.2363281}
  m_LocalScale: {x: 1, y: 1, z: 1}
  m_Children:
  - {fileID: 4092235409127856}
  - {fileID: 4220719725125170}
  - {fileID: 4834888720095704}
  - {fileID: 4933052263343088}
  - {fileID: 4539834738259052}
  m_Father: {fileID: 0}
  m_RootOrder: 0
  m_LocalEulerAnglesHint: {x: 0, y: 0, z: 0}
--- !u!4 &4220719725125170
Transform:
  m_ObjectHideFlags: 1
  m_PrefabParentObject: {fileID: 0}
  m_PrefabInternal: {fileID: 100100000}
  m_GameObject: {fileID: 1576707890738968}
  m_LocalRotation: {x: -0, y: -0, z: -0, w: 1}
  m_LocalPosition: {x: 2.484375, y: -194.57227, z: 2.2363281}
  m_LocalScale: {x: 175, y: 1, z: 175}
  m_Children: []
  m_Father: {fileID: 4147782885298390}
  m_RootOrder: 1
  m_LocalEulerAnglesHint: {x: 0, y: 0, z: 0}
--- !u!4 &4539834738259052
Transform:
  m_ObjectHideFlags: 1
  m_PrefabParentObject: {fileID: 0}
  m_PrefabInternal: {fileID: 100100000}
  m_GameObject: {fileID: 1412078792270690}
  m_LocalRotation: {x: -0, y: -0, z: -0, w: 1}
  m_LocalPosition: {x: 2.484375, y: -12.672266, z: 2.2363281}
  m_LocalScale: {x: 500, y: 1, z: 500}
  m_Children: []
  m_Father: {fileID: 4147782885298390}
  m_RootOrder: 4
  m_LocalEulerAnglesHint: {x: 0, y: 0, z: 0}
--- !u!4 &4834888720095704
Transform:
  m_ObjectHideFlags: 1
  m_PrefabParentObject: {fileID: 0}
  m_PrefabInternal: {fileID: 100100000}
  m_GameObject: {fileID: 1958590130825782}
  m_LocalRotation: {x: -0, y: -0, z: -0, w: 1}
  m_LocalPosition: {x: 2.484375, y: -13.572266, z: 2.2363281}
  m_LocalScale: {x: 1, y: 1, z: 1}
  m_Children: []
  m_Father: {fileID: 4147782885298390}
  m_RootOrder: 2
  m_LocalEulerAnglesHint: {x: 0, y: 0, z: 0}
--- !u!4 &4933052263343088
Transform:
  m_ObjectHideFlags: 1
  m_PrefabParentObject: {fileID: 0}
  m_PrefabInternal: {fileID: 100100000}
  m_GameObject: {fileID: 1414627418717312}
  m_LocalRotation: {x: 0.40821788, y: -0.23456968, z: 0.10938163, w: 0.8754261}
  m_LocalPosition: {x: 837.945, y: 99.99608, z: 165.04639}
  m_LocalScale: {x: 1, y: 1, z: 1}
  m_Children: []
  m_Father: {fileID: 4147782885298390}
  m_RootOrder: 3
  m_LocalEulerAnglesHint: {x: 50, y: -30, z: 0}
--- !u!23 &23128102392069904
MeshRenderer:
  m_ObjectHideFlags: 1
  m_PrefabParentObject: {fileID: 0}
  m_PrefabInternal: {fileID: 100100000}
  m_GameObject: {fileID: 1412078792270690}
  m_Enabled: 1
  m_CastShadows: 1
  m_ReceiveShadows: 1
  m_DynamicOccludee: 1
  m_MotionVectors: 1
  m_LightProbeUsage: 1
  m_ReflectionProbeUsage: 1
  m_Materials:
  - {fileID: 2100000, guid: f1bc741ea0e69a241896582ddb633d55, type: 2}
  m_StaticBatchInfo:
    firstSubMesh: 0
    subMeshCount: 0
  m_StaticBatchRoot: {fileID: 0}
  m_ProbeAnchor: {fileID: 0}
  m_LightProbeVolumeOverride: {fileID: 0}
  m_ScaleInLightmap: 1
  m_PreserveUVs: 1
  m_IgnoreNormalsForChartDetection: 0
  m_ImportantGI: 0
  m_StitchLightmapSeams: 0
  m_SelectedEditorRenderState: 3
  m_MinimumChartSize: 4
  m_AutoUVMaxDistance: 0.5
  m_AutoUVMaxAngle: 89
  m_LightmapParameters: {fileID: 0}
  m_SortingLayerID: 0
  m_SortingLayer: 0
  m_SortingOrder: 0
--- !u!23 &23171089289554320
MeshRenderer:
  m_ObjectHideFlags: 1
  m_PrefabParentObject: {fileID: 0}
  m_PrefabInternal: {fileID: 100100000}
  m_GameObject: {fileID: 1576707890738968}
  m_Enabled: 1
  m_CastShadows: 1
  m_ReceiveShadows: 1
  m_DynamicOccludee: 1
  m_MotionVectors: 1
  m_LightProbeUsage: 1
  m_ReflectionProbeUsage: 1
  m_Materials:
  - {fileID: 2100000, guid: 56e8c65f3cda60e46959fadff38d1432, type: 2}
  m_StaticBatchInfo:
    firstSubMesh: 0
    subMeshCount: 0
  m_StaticBatchRoot: {fileID: 0}
  m_ProbeAnchor: {fileID: 0}
  m_LightProbeVolumeOverride: {fileID: 0}
  m_ScaleInLightmap: 1
  m_PreserveUVs: 1
  m_IgnoreNormalsForChartDetection: 0
  m_ImportantGI: 0
  m_StitchLightmapSeams: 0
  m_SelectedEditorRenderState: 3
  m_MinimumChartSize: 4
  m_AutoUVMaxDistance: 0.5
  m_AutoUVMaxAngle: 89
  m_LightmapParameters: {fileID: 0}
  m_SortingLayerID: 0
  m_SortingLayer: 0
  m_SortingOrder: 0
--- !u!23 &23399349973447590
MeshRenderer:
  m_ObjectHideFlags: 1
  m_PrefabParentObject: {fileID: 0}
  m_PrefabInternal: {fileID: 100100000}
  m_GameObject: {fileID: 1958590130825782}
  m_Enabled: 1
  m_CastShadows: 1
  m_ReceiveShadows: 1
  m_DynamicOccludee: 1
  m_MotionVectors: 1
  m_LightProbeUsage: 1
  m_ReflectionProbeUsage: 1
  m_Materials:
  - {fileID: 2100000, guid: 1ff3bf5f5680c79499dd8386a1c2b573, type: 2}
  m_StaticBatchInfo:
    firstSubMesh: 0
    subMeshCount: 0
  m_StaticBatchRoot: {fileID: 0}
  m_ProbeAnchor: {fileID: 0}
  m_LightProbeVolumeOverride: {fileID: 0}
  m_ScaleInLightmap: 1
  m_PreserveUVs: 0
  m_IgnoreNormalsForChartDetection: 0
  m_ImportantGI: 0
  m_StitchLightmapSeams: 0
  m_SelectedEditorRenderState: 3
  m_MinimumChartSize: 4
  m_AutoUVMaxDistance: 0.5
  m_AutoUVMaxAngle: 89
  m_LightmapParameters: {fileID: 0}
  m_SortingLayerID: 0
  m_SortingLayer: 0
  m_SortingOrder: 0
--- !u!33 &33837707264259484
MeshFilter:
  m_ObjectHideFlags: 1
  m_PrefabParentObject: {fileID: 0}
  m_PrefabInternal: {fileID: 100100000}
  m_GameObject: {fileID: 1412078792270690}
  m_Mesh: {fileID: 10209, guid: 0000000000000000e000000000000000, type: 0}
--- !u!33 &33859680793725784
MeshFilter:
  m_ObjectHideFlags: 1
  m_PrefabParentObject: {fileID: 0}
  m_PrefabInternal: {fileID: 100100000}
  m_GameObject: {fileID: 1958590130825782}
  m_Mesh: {fileID: 0}
--- !u!33 &33957969005530712
MeshFilter:
  m_ObjectHideFlags: 1
  m_PrefabParentObject: {fileID: 0}
  m_PrefabInternal: {fileID: 100100000}
  m_GameObject: {fileID: 1576707890738968}
  m_Mesh: {fileID: 10209, guid: 0000000000000000e000000000000000, type: 0}
--- !u!64 &64373869978888870
MeshCollider:
  m_ObjectHideFlags: 1
  m_PrefabParentObject: {fileID: 0}
  m_PrefabInternal: {fileID: 100100000}
  m_GameObject: {fileID: 1576707890738968}
  m_Material: {fileID: 0}
  m_IsTrigger: 0
  m_Enabled: 1
  serializedVersion: 3
  m_Convex: 1
  m_CookingOptions: 14
  m_SkinWidth: 0.01
  m_Mesh: {fileID: 10209, guid: 0000000000000000e000000000000000, type: 0}
--- !u!64 &64556960860503230
MeshCollider:
  m_ObjectHideFlags: 1
  m_PrefabParentObject: {fileID: 0}
  m_PrefabInternal: {fileID: 100100000}
  m_GameObject: {fileID: 1958590130825782}
  m_Material: {fileID: 0}
  m_IsTrigger: 0
  m_Enabled: 1
  serializedVersion: 3
  m_Convex: 0
  m_CookingOptions: 14
  m_SkinWidth: 0.01
  m_Mesh: {fileID: 0}
--- !u!64 &64801690495587038
MeshCollider:
  m_ObjectHideFlags: 1
  m_PrefabParentObject: {fileID: 0}
  m_PrefabInternal: {fileID: 100100000}
  m_GameObject: {fileID: 1412078792270690}
  m_Material: {fileID: 0}
  m_IsTrigger: 0
  m_Enabled: 1
  serializedVersion: 3
  m_Convex: 1
  m_CookingOptions: 14
  m_SkinWidth: 0.01
  m_Mesh: {fileID: 10209, guid: 0000000000000000e000000000000000, type: 0}
--- !u!108 &108214123644688118
Light:
  m_ObjectHideFlags: 1
  m_PrefabParentObject: {fileID: 0}
  m_PrefabInternal: {fileID: 100100000}
  m_GameObject: {fileID: 1414627418717312}
  m_Enabled: 1
  serializedVersion: 8
  m_Type: 1
  m_Color: {r: 1, g: 1, b: 1, a: 1}
  m_Intensity: 1
  m_Range: 10
  m_SpotAngle: 30
  m_CookieSize: 10
  m_Shadows:
    m_Type: 0
    m_Resolution: -1
    m_CustomResolution: -1
    m_Strength: 1
    m_Bias: 0.05
    m_NormalBias: 0.4
    m_NearPlane: 0.2
  m_Cookie: {fileID: 0}
  m_DrawHalo: 0
  m_Flare: {fileID: 0}
  m_RenderMode: 0
  m_CullingMask:
    serializedVersion: 2
    m_Bits: 4294967295
  m_Lightmapping: 4
  m_AreaSize: {x: 1, y: 1}
  m_BounceIntensity: 1
  m_ColorTemperature: 6570
  m_UseColorTemperature: 0
  m_ShadowRadius: 0
  m_ShadowAngle: 0
--- !u!114 &114213965137944220
MonoBehaviour:
  m_ObjectHideFlags: 1
  m_PrefabParentObject: {fileID: 0}
  m_PrefabInternal: {fileID: 100100000}
  m_GameObject: {fileID: 1548777437665926}
  m_Enabled: 1
  m_EditorHideFlags: 0
  m_Script: {fileID: 11500000, guid: 48215901a1ff2474d859d0e45e8e2a81, type: 3}
  m_Name: 
  m_EditorClassIdentifier: 
  textureRender: {fileID: 23171089289554320}
  meshFilter: {fileID: 33859680793725784}
  meshRenderer: {fileID: 23399349973447590}
  meshCollider: {fileID: 64556960860503230}
  mesh: {fileID: 1958590130825782}
--- !u!114 &114229080100526574
MonoBehaviour:
  m_ObjectHideFlags: 1
  m_PrefabParentObject: {fileID: 0}
  m_PrefabInternal: {fileID: 100100000}
  m_GameObject: {fileID: 1412078792270690}
  m_Enabled: 1
  m_EditorHideFlags: 0
  m_Script: {fileID: 11500000, guid: de2ab2b9ac93bb544b9552e49030371b, type: 3}
  m_Name: 
  m_EditorClassIdentifier: 
  specularLight: {fileID: 0}
--- !u!114 &114358325510467784
MonoBehaviour:
  m_ObjectHideFlags: 1
  m_PrefabParentObject: {fileID: 0}
  m_PrefabInternal: {fileID: 100100000}
  m_GameObject: {fileID: 1548777437665926}
  m_Enabled: 1
  m_EditorHideFlags: 0
  m_Script: {fileID: 11500000, guid: ac6819df16fda52468faf2d401301058, type: 3}
  m_Name: 
  m_EditorClassIdentifier: 
  drawMode: 2
  mapWidth: 175
  mapHeight: 175
  noiseScale: 31.56
  octaves: 4
  persistance: 0.5
  lacunarity: 2
  seed: 5
  offset: {x: -1.14, y: 0}
  meshHeightMultiplier: 16
  meshHeightMultiplierCurve:
    serializedVersion: 2
    m_Curve:
    - serializedVersion: 2
      time: 0.020425314
      value: -0.10143112
      inSlope: 0.2510634
      outSlope: 0.2510634
      tangentMode: 0
    - serializedVersion: 2
      time: 0.23869637
      value: -0.029690601
      inSlope: 0.5603954
      outSlope: 0.5603954
      tangentMode: 0
    - serializedVersion: 2
      time: 0.48730788
      value: 0.14300936
      inSlope: 0.8460464
      outSlope: 0.8460464
      tangentMode: 0
    - serializedVersion: 2
      time: 0.613245
      value: 0.24133167
      inSlope: 0.694693
      outSlope: 0.694693
      tangentMode: 0
    - serializedVersion: 2
      time: 0.73049015
      value: 0.35864806
      inSlope: 1.5369765
      outSlope: 1.5369765
      tangentMode: 0
    - serializedVersion: 2
      time: 0.8016163
      value: 0.4733295
      inSlope: 1.1783983
      outSlope: 1.1783983
      tangentMode: 0
    - serializedVersion: 2
      time: 0.90099186
      value: 0.60706013
      inSlope: 1.6340613
      outSlope: 1.6340613
      tangentMode: 0
    - serializedVersion: 2
      time: 0.9394578
      value: 0.7214857
      inSlope: 1.6739964
      outSlope: 1.6739964
      tangentMode: 0
    - serializedVersion: 2
      time: 0.99554443
      value: 0.78504604
      inSlope: 0.786277
      outSlope: 0.786277
      tangentMode: 0
    m_PreInfinity: 2
    m_PostInfinity: 2
    m_RotationOrder: 0
  autoUpdate: 0
  regions:
  - name: WaterDeep
    height: 0.3
    colour: {r: 0.003921569, g: 0.40784314, b: 0.7294118, a: 0}
  - name: Water
    height: 0.4
    colour: {r: 0.9607843, g: 1, b: 0.26666668, a: 0}
  - name: Sand
    height: 0.5
    colour: {r: 0.95943195, g: 1, b: 0.2647059, a: 0}
  - name: Grass1
    height: 0.65
    colour: {r: 0.09653985, g: 0.45588237, b: 0.06704153, a: 0}
  - name: Grass2
    height: 0.7
    colour: {r: 0.08424919, g: 0.44852942, b: 0.052768163, a: 0}
  - name: Rock
    height: 0.85
    colour: {r: 0.328, g: 0.122, b: 0, a: 0}
  - name: Rock2
    height: 0.89
    colour: {r: 0.29411763, g: 0.10990793, b: 0.0021626316, a: 0}
  - name: Snow
    height: 1
    colour: {r: 1, g: 1, b: 1, a: 0}
  treesPrefab:
  - {fileID: 1510620461061502, guid: a3f9bb9a3878b3c4aa440cfa51464c9c, type: 2}
  - {fileID: 1840117304363024, guid: beb67a842963c96499790d1b95bb0ba2, type: 2}
  sandsPrefab:
  - {fileID: 1742674064124216, guid: 37908a22b9567724d8afee21b1ba297c, type: 2}
  - {fileID: 1398676717954160, guid: 41c489d4e5d13c343b8dc984e5577228, type: 2}
  - {fileID: 1558004673667816, guid: 178ff304875de014bbb0066d650e21ec, type: 2}
  cloudWithSnowPrefab: {fileID: 1665947008157300, guid: b6aa5a6a1ac443a4db9c63271ad7e598,
    type: 2}
  cloudPrefab: {fileID: 1777686633784300, guid: 9fdff4964a4e9d748bc06784c789fd4b,
    type: 2}
  generateEnvoirment: 1
  generateClouds: 0
--- !u!114 &114473124245755226
MonoBehaviour:
  m_ObjectHideFlags: 1
  m_PrefabParentObject: {fileID: 0}
  m_PrefabInternal: {fileID: 100100000}
  m_GameObject: {fileID: 1412078792270690}
  m_Enabled: 1
  m_EditorHideFlags: 0
  m_Script: {fileID: 11500000, guid: 42e7f46d0e5a84171a3909479c1646ba, type: 3}
  m_Name: 
  m_EditorClassIdentifier: 
--- !u!114 &114945086874617298
MonoBehaviour:
  m_ObjectHideFlags: 1
  m_PrefabParentObject: {fileID: 0}
  m_PrefabInternal: {fileID: 100100000}
  m_GameObject: {fileID: 1412078792270690}
  m_Enabled: 1
  m_EditorHideFlags: 0
  m_Script: {fileID: 11500000, guid: a3d3ef1a5bbfb4e0a910fbbe5830b1f9, type: 3}
  m_Name: 
  m_EditorClassIdentifier: 
  waterMode: 2
  disablePixelLights: 1
  textureSize: 256
  clipPlaneOffset: 0.07
  reflectLayers:
    serializedVersion: 2
    m_Bits: 4294967295
  refractLayers:
    serializedVersion: 2
    m_Bits: 4294967295
--- !u!114 &114951781585712022
MonoBehaviour:
  m_ObjectHideFlags: 1
  m_PrefabParentObject: {fileID: 0}
  m_PrefabInternal: {fileID: 100100000}
  m_GameObject: {fileID: 1412078792270690}
  m_Enabled: 1
  m_EditorHideFlags: 0
  m_Script: {fileID: 11500000, guid: a1da353243062479a9b31c85074a796b, type: 3}
  m_Name: 
  m_EditorClassIdentifier: 
  sharedMaterial: {fileID: 0}
  waterQuality: 2
  edgeBlend: 1
--- !u!114 &114974357761576928
MonoBehaviour:
  m_ObjectHideFlags: 1
  m_PrefabParentObject: {fileID: 0}
  m_PrefabInternal: {fileID: 100100000}
  m_GameObject: {fileID: 1412078792270690}
  m_Enabled: 1
  m_EditorHideFlags: 0
  m_Script: {fileID: 11500000, guid: 2a91e8dd37cdd41efb4859b65aced7a2, type: 3}
  m_Name: 
  m_EditorClassIdentifier: 
  reflection: {fileID: 0}
  waterBase: {fileID: 114951781585712022}
